%  a sample bibliography file
%  

@article{halideori,
author = {{Jonathan Ragan-Kelley, Connelly Barnes, Andrew Adams, Sylvain Paris, Frédo Durand, Saman Amarasinghe}},
title = {Halide: A Language and Compiler for Optimizing Parallelism, Locality, and Recomputation in Image Processing Pipelines},
journal = {PLDI 2013},
year = {2013}
}

@Book{opencl2.0spec,
    title     = {{OpenCL 2.0 Specification}},
    publisher = {{Khronos.}},
    note = {\url{https://www.khronos.org/registry/cl/specs/opencl-2.0.pdf}},
    year = {2014}
}

@article{poclori,
author = {{Pekka Jääskeläinen, Carlos Sánchez de La Lama, Erik Schnetter, Kalle Raiskila, Jarmo Takala, Heikki Berg}},
title = {pocl: A Performance-Portable OpenCL Implementation},
year = {2014}
}

@article{clangori,
author = {{Pekka Jääskeläinen, Carlos Sánchez de La Lama, Erik Schnetter, Kalle Raiskila, Jarmo Takala, Heikki Berg}},
title = {Clang: A C language frontend for LLVM},
year = {2014}
}

%  The authors mentioned here are almost, but not quite,
%  entirely unrelated to Matt Groening.
