% This file was created with JabRef 2.10.
% Encoding: UTF8
@article{halideori,
	author = {{Jonathan Ragan-Kelley, Connelly Barnes, Andrew Adams, Sylvain Paris, Frédo Durand, Saman Amarasinghe}},
	title = {Halide: A Language and Compiler for Optimizing Parallelism, Locality, and Recomputation in Image Processing Pipelines},
	journal = {PLDI 2013},
	year = {2013}
}

@article{halide12,
	author = {{Jonathan Ragan-Kelley, Andrew Adams, Sylvain Paris, Marc Levoy, Saman Amarasinghe, Frédo Durand}},
	title = {Decoupling Algorithms from Schedules for Easy Optimization of Image Processing Pipelines},
	journal = {SIGGRAPH 2012},
	year = {2012}
}

@article{halide14,
	author = {{Jonathan Ragan-Kelley}},
	title = {Decoupling Algorithms from the Organization of Computation for High Performance Image Processing: The design and implementation of the Halide language and compiler},
	year = {2014}
}

@Book{opencl2.0spec,
	title     = {{OpenCL 2.0 Specification}},
	publisher = {{Khronos.}},
	note = {\url{https://www.khronos.org/registry/cl/specs/opencl-2.0.pdf}}
}

@article{poclori,
	author = {{Pekka Jääskeläinen, Carlos Sánchez de La Lama, Erik Schnetter, Kalle Raiskila, Jarmo Takala, Heikki Berg}},
	title = {pocl: A Performance-Portable OpenCL Implementation},
	year = {2014}
}

@article{clangori,
	author = {{Pekka Jääskeläinen, Carlos Sánchez de La Lama, Erik Schnetter, Kalle Raiskila, Jarmo Takala, Heikki Berg}},
	title = {Clang: A C language frontend for LLVM},
	year = {2014}
} 

@misc{openclweb,
	title = {{OpenCL}},
	author = {{Khronos.}},
	note = {\url{https://www.khronos.org/opencl}, Accessed: 2015-05-30}
}
