@article{s1,
author = {Nvidia.},
title = {NEW TOP500 LIST: 4X MORE GPU SUPERCOMPUTERS},
year = {2012},
},

@article{OpenCLWeb,
author = {{Khronos Group.}},
title = {OpenCL - The open standard for parallel programming of heterogeneous systems},
year = {2013},
},

@article{s3,
author = {{L. Nyland, M Harris,J Prins.}},
title = {Fast N-Body Simulation with CUDA},
year = {2012},
},

@article{s4,
author = {{V. W. Lee, C. Kim, J. Chhugani, M. Deisher, D. Kim, A. D.Nguyen, N. Satish, M. Smelyanskiy, S. Chennupaty,P. Hammarlund, R. Singhal, and P. Dubey. }},
title = {Debunking the100x gpu vs. cpu myth: an evaluation of throughput computing on cpu and gpu.},
year = {2012},
},

@article{locallaplacian,
author = {{By Sylvain Paris, Samuel W. Hasinoff, Jan Kautz}},
title = {Local Laplacian Filters: Edge-aware Image Processing with a Laplacian Pyramid},
year = {2015},
},


@conference{bilateral,
    author    = "omasi, C. and Manduchi, R.",
    title     = "Bilateral filtering for gray and color images",
    booktitle = "In Proceedings of the IEEE International Conference on Computer",
    %editor   = "",
    %volume   = "",
    %number   = "",
    %series   = "",
    %pages    = "",
    %address  = "",
    year      = "1998",
    %month    = "",
    %publisher= "",
    %note     = "",
},

@conference{FluidicCL,
    author    = "Prasanna Pandit,R. Govindarajan",
    title     = "Fluidic Kernels: Cooperative Execution of OpenCL Programs on Multiple Heterogeneous Devices",
    booktitle = "Proceedings of Annual IEEE/ACM International Symposium on Code Generation and Optimization ",
    %editor   = "",
    %volume   = "",
    %number   = "",
    %series   = "",
    %pages    = "",
    %address  = "",
    year      = "2014",
    %month    = "",
    %publisher= "",
    %note     = "",
},

@conference{Halide1,
    author    = "Jonathan Ragan-Kelley, Andrew Adams, Sylvain Paris, Marc Levoy, Saman Amarasinghe, Frédo Durand.",
    title     = "Decoupling Algorithms from Schedules for Easy Optimization of Image Processing Pipelines ",
    %booktitle = "Proceedings of Annual IEEE/ACM International Symposium on Code Generation and Optimization ",
    %editor   = "",
    %volume   = "",
    %number   = "",
    %series   = "",
    %pages    = "",
    %address  = "",
    year      = "2012",
    %month    = "",
    %publisher= "",
    %note     = "",
},
@phdthesis{Xphdthesis,
	author		= "Jonathan Ragan-Kelley",
	title		= "Decoupling Algorithms from the Organization of Computation for High Performance Image Processing: The design and implementation of the Halide language and compiler",
	school		= "MIT",
	%address	= "",
	year		= "2014",
	month		= "May",
	%keywords	= "",
	%note		= "",
},

@conference{Halide2,
    author= {{Jonathan Ragan-Kelley,Connelly Barnes,Andrew Adams,Sylvain Paris,Frédo Durand,Saman Amarasinghe.}},
    title  = "Halide: a language and compiler for optimizing parallelism, locality, and recomputation in image processing pipelines",
    booktitle = {Proceedings of the 34th ACM SIGPLAN Conference on Programming Language Design and Implementation},
    %editor   = "",
    %volume   = "",
    %number   = "",
    %series   = "",
    %pages    = " 519-530",
    %address  = "",
    year      = "2014",
    %month    = "",
    %publisher= "",
    %note     = "",
}
